<record><leader>00000cas a22000007a 4500</leader><controlfield tag="001">11730854</controlfield><controlfield tag="008">850225d18931895wiuwr ne      0    0nor d</controlfield><datafield ind1=" " ind2=" " tag="010"><subfield code="a">sn 85040260 </subfield></datafield><datafield ind1=" " ind2=" " tag="040"><subfield code="a">NPV</subfield><subfield code="b">eng</subfield><subfield code="c">NPV</subfield><subfield code="d">OCLCQ</subfield></datafield><datafield ind1=" " ind2=" " tag="042"><subfield code="a">msc</subfield></datafield><datafield ind1=" " ind2=" " tag="043"><subfield code="a">n-us-wi</subfield></datafield><datafield ind1=" " ind2=" " tag="045"><subfield code="a">w9w9</subfield></datafield><datafield ind1=" " ind2=" " tag="052"><subfield code="a">4123</subfield><subfield code="b">L2</subfield></datafield><datafield ind1="0" ind2=" " tag="130"><subfield code="a">Folkevennen (La Crosse, Wis.)</subfield></datafield><datafield ind1="1" ind2="0" tag="245"><subfield code="a">Folkevennen.</subfield></datafield><datafield ind1=" " ind2=" " tag="260"><subfield code="a">La Crosse, Wis. :</subfield><subfield code="b">[M. Bergh, B.O. Buslett, A.C. Tosterud],</subfield><subfield code="c">1893-</subfield></datafield><datafield ind1=" " ind2=" " tag="300"><subfield code="a">v. :</subfield><subfield code="b">ill.</subfield></datafield><datafield ind1=" " ind2=" " tag="310"><subfield code="a">Weekly</subfield></datafield><datafield ind1="0" ind2=" " tag="362"><subfield code="a">1. aarg. no. 1 (11 aug. 1893)-</subfield></datafield><datafield ind1="1" ind2=" " tag="362"><subfield code="a">Ceased in 1895.</subfield><subfield code="z">Cf. Hovde, O.M. and M.E. Henzler. Norwegian-American newspapers in Luther College Library.</subfield></datafield><datafield ind1=" " ind2=" " tag="500"><subfield code="a">Publisher changes: Folkevennen Pub. Co., Jan. 19, 1894-1895.</subfield></datafield><datafield ind1=" " ind2=" " tag="500"><subfield code="a">&quot;Et uafh&#230;nfift ugeblad for den skandinaviske befolkning i Amerika.&quot;</subfield></datafield><datafield ind1=" " ind2=" " tag="500"><subfield code="a">Editor: O.A. Buslett, 1893.--K.E. Kristiansen, Jan. 5-Sept. 1, 1894.--S. So&#776;rensen, &lt;1895&gt;.</subfield></datafield><datafield ind1=" " ind2=" " tag="521"><subfield code="a">"Norwegian-American newspaper." Cf. Hovde, O.M. and M.E. Henzler.</subfield></datafield><datafield ind1=" " ind2=" " tag="752"><subfield code="a">United States</subfield><subfield code="b">Wisconsin</subfield><subfield code="c">La Crosse</subfield><subfield code="d">La Crosse.</subfield></datafield><datafield ind1="1" ind2=" " tag="029"><subfield code="a">AU@</subfield><subfield code="b">000025798451</subfield></datafield></record>